Instrument,BID,ASK,TRDPRC_1,OPEN_PRC,CLOSE_PRC
FFH25,95.945,95.95,95.95,95.95,
2024-08-19 05:38:07,FFH25,95.94,95.95,95.95,95.95,
2024-08-19 05:38:22,FFH25,95.94,95.95,95.95,95.95,
2024-08-19 05:38:36,FFH25,95.94,95.95,95.95,95.95,
2024-08-19 05:38:50,FFH25,95.94,95.95,95.95,95.95,
2024-08-19 05:39:05,FFH25,95.94,95.95,95.95,95.95,
2024-08-19 05:39:19,FFH25,95.945,95.95,95.95,95.95,
2024-08-19 05:39:33,FFH25,95.945,95.95,95.95,95.95,
2024-08-19 05:39:48,FFH25,95.945,95.95,95.95,95.95,
2024-08-19 05:40:02,FFH25,95.945,95.95,95.95,95.95,
2024-08-19 05:40:16,FFH25,95.945,95.95,95.95,95.95,
2024-08-19 05:40:30,FFH25,95.945,95.95,95.95,95.95,
2024-08-19 05:40:45,FFH25,95.945,95.95,95.95,95.95,
2024-08-19 05:40:59,FFH25,95.945,95.95,95.95,95.95,
2024-08-19 05:41:13,FFH25,95.945,95.95,95.95,95.95,
2024-08-19 05:41:28,FFH25,95.945,95.95,95.95,95.95,
2024-08-19 05:41:42,FFH25,95.945,95.95,95.95,95.95,
2024-08-19 05:41:56,FFH25,95.945,95.95,95.95,95.95,
2024-08-19 05:42:11,FFH25,95.945,95.95,95.95,95.95,
2024-08-19 05:42:25,FFH25,95.945,95.95,95.95,95.95,
2024-08-19 05:42:40,FFH25,95.945,95.95,95.95,95.95,
2024-08-19 05:42:54,FFH25,95.945,95.95,95.95,95.95,
2024-08-19 05:43:08,FFH25,95.945,95.95,95.95,95.95,
2024-08-19 05:43:22,FFH25,95.945,95.95,95.95,95.95,
2024-08-19 05:43:37,FFH25,95.945,95.95,95.95,95.95,
2024-08-19 05:43:51,FFH25,95.945,95.95,95.95,95.95,
2024-08-19 05:44:05,FFH25,95.945,95.95,95.95,95.95,
2024-08-19 05:44:20,FFH25,95.945,95.95,95.95,95.95,
2024-08-19 05:44:34,FFH25,95.945,95.95,95.95,95.95,
2024-08-19 05:44:48,FFH25,95.945,95.95,95.95,95.95,
2024-08-19 05:45:03,FFH25,95.945,95.95,95.95,95.95,
2024-08-19 05:45:17,FFH25,95.945,95.95,95.95,95.95,
2024-08-19 05:45:31,FFH25,95.945,95.95,95.95,95.95,
2024-08-19 05:45:46,FFH25,95.945,95.95,95.95,95.95,
2024-08-19 05:46:00,FFH25,95.945,95.95,95.95,95.95,
2024-08-19 05:46:14,FFH25,95.945,95.95,95.95,95.95,
2024-08-19 05:46:29,FFH25,95.945,95.95,95.95,95.95,
2024-08-19 05:46:43,FFH25,95.945,95.95,95.95,95.95,
2024-08-19 05:46:57,FFH25,95.945,95.95,95.95,95.95,
2024-08-19 05:47:12,FFH25,95.945,95.95,95.95,95.95,
2024-08-19 05:47:26,FFH25,95.945,95.95,95.95,95.95,
2024-08-19 05:47:40,FFH25,95.945,95.95,95.95,95.95,
2024-08-19 05:47:55,FFH25,95.94,95.95,95.95,95.95,
2024-08-19 05:48:09,FFH25,95.94,95.95,95.95,95.95,
2024-08-19 05:48:24,FFH25,95.94,95.95,95.95,95.95,
2024-08-19 05:48:38,FFH25,95.94,95.95,95.95,95.95,
2024-08-19 05:48:52,FFH25,95.94,95.95,95.95,95.95,
2024-08-19 05:53:02,FFH25,95.94,95.95,95.95,95.95,
2024-08-19 05:53:16,FFH25,95.94,95.95,95.95,95.95,
2024-08-19 05:53:30,FFH25,95.94,95.95,95.95,95.95,
2024-08-19 05:53:45,FFH25,95.94,95.95,95.95,95.95,
2024-08-19 05:53:59,FFH25,95.94,95.95,95.95,95.95,
2024-08-19 05:54:13,FFH25,95.94,95.95,95.95,95.95,
2024-08-19 05:54:27,FFH25,95.94,95.95,95.95,95.95,
2024-08-19 05:54:41,FFH25,95.94,95.95,95.95,95.95,
2024-08-19 05:54:55,FFH25,95.94,95.95,95.95,95.95,
2024-08-19 05:55:10,FFH25,95.94,95.95,95.95,95.95,
2024-08-19 05:55:24,FFH25,95.94,95.95,95.95,95.95,
2024-08-19 05:55:38,FFH25,95.94,95.95,95.95,95.95,
2024-08-19 05:55:52,FFH25,95.94,95.95,95.95,95.95,
2024-08-19 05:56:06,FFH25,95.94,95.95,95.95,95.95,
2024-08-19 05:56:20,FFH25,95.94,95.95,95.95,95.95,
2024-08-19 05:56:34,FFH25,95.94,95.95,95.95,95.95,
2024-08-19 05:56:49,FFH25,95.94,95.95,95.95,95.95,
2024-08-19 05:57:03,FFH25,95.94,95.95,95.95,95.95,
2024-08-19 05:57:17,FFH25,95.94,95.95,95.95,95.95,
2024-08-19 05:57:31,FFH25,95.94,95.95,95.95,95.95,
2024-08-19 05:57:45,FFH25,95.94,95.95,95.95,95.95,
2024-08-19 05:57:59,FFH25,95.94,95.95,95.95,95.95,
2024-08-19 05:58:13,FFH25,95.94,95.95,95.95,95.95,
2024-08-19 05:58:28,FFH25,95.94,95.95,95.95,95.95,
2024-08-19 05:58:42,FFH25,95.94,95.95,95.95,95.95,
2024-08-19 05:58:56,FFH25,95.94,95.95,95.95,95.95,
2024-08-19 05:59:10,FFH25,95.94,95.95,95.95,95.95,
2024-08-19 05:59:24,FFH25,95.94,95.95,95.95,95.95,
2024-08-19 05:59:38,FFH25,95.94,95.95,95.95,95.95,
2024-08-19 05:59:53,FFH25,95.94,95.95,95.95,95.95,
2024-08-19 06:07:55,FFH25,95.945,95.955,95.95,95.95,
2024-08-19 06:08:09,FFH25,95.945,95.955,95.95,95.95,
2024-08-19 06:08:24,FFH25,95.945,95.955,95.95,95.95,
2024-08-19 06:08:38,FFH25,95.945,95.955,95.95,95.95,
2024-08-19 06:08:52,FFH25,95.945,95.955,95.95,95.95,
2024-08-19 06:09:06,FFH25,95.945,95.955,95.95,95.95,
2024-08-19 06:09:21,FFH25,95.945,95.955,95.95,95.95,
2024-08-19 06:09:35,FFH25,95.945,95.955,95.95,95.95,
2024-08-19 06:09:49,FFH25,95.945,95.955,95.95,95.95,
2024-08-19 06:10:03,FFH25,95.945,95.955,95.95,95.95,
2024-08-19 06:10:18,FFH25,95.945,95.955,95.95,95.95,
2024-08-19 06:10:32,FFH25,95.945,95.955,95.95,95.95,
2024-08-19 06:10:46,FFH25,95.945,95.955,95.95,95.95,
2024-08-19 06:11:01,FFH25,95.945,95.955,95.95,95.95,
2024-08-19 06:11:15,FFH25,95.945,95.955,95.95,95.95,
2024-08-19 06:11:29,FFH25,95.945,95.955,95.95,95.95,
2024-08-19 06:11:43,FFH25,95.945,95.955,95.95,95.95,
2024-08-19 06:11:58,FFH25,95.945,95.955,95.95,95.95,
2024-08-19 06:12:12,FFH25,95.945,95.955,95.95,95.95,
2024-08-19 06:12:26,FFH25,95.945,95.955,95.95,95.95,
2024-08-19 06:12:40,FFH25,95.945,95.955,95.95,95.95,
2024-08-19 06:12:54,FFH25,95.945,95.955,95.95,95.95,
2024-08-19 06:13:08,FFH25,95.945,95.955,95.95,95.95,
2024-08-19 06:13:23,FFH25,95.945,95.955,95.95,95.95,
2024-08-19 06:13:37,FFH25,95.945,95.955,95.95,95.95,
2024-08-19 06:13:51,FFH25,95.945,95.955,95.95,95.95,
2024-08-19 06:14:06,FFH25,95.945,95.955,95.95,95.95,
2024-08-19 06:14:20,FFH25,95.945,95.955,95.95,95.95,
2024-08-19 06:14:34,FFH25,95.945,95.955,95.95,95.95,
2024-08-19 06:14:48,FFH25,95.945,95.955,95.95,95.95,
2024-08-19 06:15:02,FFH25,95.945,95.955,95.95,95.95,
2024-08-19 06:15:16,FFH25,95.945,95.955,95.95,95.95,
2024-08-19 06:15:31,FFH25,95.945,95.955,95.95,95.95,
2024-08-19 06:15:45,FFH25,95.945,95.955,95.95,95.95,
2024-08-19 06:16:00,FFH25,95.945,95.955,95.95,95.95,
2024-08-19 06:16:14,FFH25,95.945,95.955,95.95,95.95,
2024-08-19 06:17:02,FFH25,95.945,95.955,95.95,95.95,
2024-08-19 06:17:16,FFH25,95.945,95.955,95.95,95.95,
2024-08-19 06:17:30,FFH25,95.945,95.955,95.95,95.95,
2024-08-19 06:17:45,FFH25,95.945,95.955,95.95,95.95,
2024-08-19 06:17:59,FFH25,95.945,95.955,95.95,95.95,
2024-08-19 06:18:13,FFH25,95.945,95.955,95.95,95.95,
2024-08-19 06:18:28,FFH25,95.945,95.955,95.95,95.95,
2024-08-19 06:18:42,FFH25,95.945,95.955,95.95,95.95,
2024-08-19 06:18:56,FFH25,95.945,95.955,95.95,95.95,
2024-08-19 06:19:11,FFH25,95.95,95.955,95.95,95.95,
2024-08-19 06:19:25,FFH25,95.95,95.955,95.95,95.95,
2024-08-19 06:19:40,FFH25,95.95,95.955,95.95,95.95,
2024-08-19 06:19:54,FFH25,95.95,95.96,95.95,95.95,
2024-08-19 06:20:09,FFH25,95.95,95.96,95.95,95.95,
2024-08-19 06:20:23,FFH25,95.95,95.96,95.95,95.95,
2024-08-19 06:20:38,FFH25,95.95,95.96,95.95,95.95,
2024-08-19 06:20:52,FFH25,95.95,95.96,95.95,95.95,
2024-08-19 06:21:06,FFH25,95.95,95.96,95.95,95.95,
2024-08-19 06:21:21,FFH25,95.95,95.96,95.95,95.95,
2024-08-19 06:21:35,FFH25,95.95,95.96,95.95,95.95,
2024-08-19 06:21:49,FFH25,95.95,95.96,95.95,95.95,
2024-08-19 06:22:04,FFH25,95.95,95.96,95.95,95.95,
2024-08-19 06:22:18,FFH25,95.955,95.96,95.95,95.95,
2024-08-19 06:22:33,FFH25,95.955,95.96,95.95,95.95,
2024-08-19 06:22:47,FFH25,95.955,95.96,95.95,95.95,
2024-08-19 06:23:02,FFH25,95.955,95.96,95.95,95.95,
2024-08-19 06:23:16,FFH25,95.955,95.96,95.95,95.95,
2024-08-19 06:23:30,FFH25,95.955,95.96,95.95,95.95,
2024-08-19 06:23:45,FFH25,95.95,95.96,95.95,95.95,
2024-08-19 06:23:59,FFH25,95.955,95.965,95.96,95.95,
2024-08-19 06:24:13,FFH25,95.955,95.965,95.96,95.95,
2024-08-19 06:24:28,FFH25,95.955,95.965,95.96,95.95,
2024-08-19 06:24:42,FFH25,95.955,95.965,95.96,95.95,
2024-08-19 06:24:57,FFH25,95.955,95.965,95.96,95.95,
2024-08-19 06:25:11,FFH25,95.955,95.965,95.96,95.95,
2024-08-19 06:25:25,FFH25,95.955,95.965,95.96,95.95,
2024-08-19 06:25:40,FFH25,95.955,95.965,95.96,95.95,
2024-08-19 06:25:54,FFH25,95.955,95.965,95.96,95.95,
2024-08-19 06:26:09,FFH25,95.955,95.965,95.96,95.95,
