Instrument,BID,ASK,TRDPRC_1,OPEN_PRC,CLOSE_PRC
FFU24,94.8,94.805,94.805,94.805,
2024-08-19 05:38:07,FFU24,94.8,94.805,94.805,94.805,
2024-08-19 05:38:22,FFU24,94.8,94.805,94.805,94.805,
2024-08-19 05:38:36,FFU24,94.8,94.805,94.805,94.805,
2024-08-19 05:38:50,FFU24,94.8,94.805,94.805,94.805,
2024-08-19 05:39:05,FFU24,94.8,94.805,94.805,94.805,
2024-08-19 05:39:19,FFU24,94.8,94.805,94.805,94.805,
2024-08-19 05:39:33,FFU24,94.8,94.805,94.805,94.805,
2024-08-19 05:39:48,FFU24,94.8,94.805,94.805,94.805,
2024-08-19 05:40:02,FFU24,94.8,94.805,94.805,94.805,
2024-08-19 05:40:16,FFU24,94.8,94.805,94.805,94.805,
2024-08-19 05:40:30,FFU24,94.8,94.805,94.805,94.805,
2024-08-19 05:40:45,FFU24,94.8,94.805,94.805,94.805,
2024-08-19 05:40:59,FFU24,94.8,94.805,94.805,94.805,
2024-08-19 05:41:13,FFU24,94.8,94.805,94.805,94.805,
2024-08-19 05:41:28,FFU24,94.8,94.805,94.805,94.805,
2024-08-19 05:41:42,FFU24,94.8,94.805,94.805,94.805,
2024-08-19 05:41:56,FFU24,94.8,94.805,94.805,94.805,
2024-08-19 05:42:11,FFU24,94.8,94.805,94.805,94.805,
2024-08-19 05:42:25,FFU24,94.8,94.805,94.805,94.805,
2024-08-19 05:42:40,FFU24,94.8,94.805,94.805,94.805,
2024-08-19 05:42:54,FFU24,94.8,94.805,94.805,94.805,
2024-08-19 05:43:08,FFU24,94.8,94.805,94.805,94.805,
2024-08-19 05:43:22,FFU24,94.8,94.805,94.805,94.805,
2024-08-19 05:43:37,FFU24,94.8,94.805,94.805,94.805,
2024-08-19 05:43:51,FFU24,94.8,94.805,94.805,94.805,
2024-08-19 05:44:05,FFU24,94.8,94.805,94.805,94.805,
2024-08-19 05:44:20,FFU24,94.8,94.805,94.805,94.805,
2024-08-19 05:44:34,FFU24,94.8,94.805,94.805,94.805,
2024-08-19 05:44:48,FFU24,94.8,94.805,94.805,94.805,
2024-08-19 05:45:03,FFU24,94.8,94.805,94.805,94.805,
2024-08-19 05:45:17,FFU24,94.8,94.805,94.805,94.805,
2024-08-19 05:45:31,FFU24,94.8,94.805,94.805,94.805,
2024-08-19 05:45:46,FFU24,94.8,94.805,94.805,94.805,
2024-08-19 05:46:00,FFU24,94.8,94.805,94.805,94.805,
2024-08-19 05:46:14,FFU24,94.8,94.805,94.805,94.805,
2024-08-19 05:46:29,FFU24,94.8,94.805,94.805,94.805,
2024-08-19 05:46:43,FFU24,94.8,94.805,94.805,94.805,
2024-08-19 05:46:57,FFU24,94.8,94.805,94.805,94.805,
2024-08-19 05:47:12,FFU24,94.8,94.805,94.805,94.805,
2024-08-19 05:47:26,FFU24,94.8,94.805,94.805,94.805,
2024-08-19 05:47:40,FFU24,94.8,94.805,94.805,94.805,
2024-08-19 05:47:55,FFU24,94.8,94.805,94.805,94.805,
2024-08-19 05:48:09,FFU24,94.8,94.805,94.805,94.805,
2024-08-19 05:48:24,FFU24,94.8,94.805,94.805,94.805,
2024-08-19 05:48:38,FFU24,94.8,94.805,94.805,94.805,
2024-08-19 05:48:52,FFU24,94.8,94.805,94.805,94.805,
2024-08-19 05:53:02,FFU24,94.805,94.81,94.805,94.805,
2024-08-19 05:53:16,FFU24,94.805,94.81,94.805,94.805,
2024-08-19 05:53:30,FFU24,94.805,94.81,94.805,94.805,
2024-08-19 05:53:45,FFU24,94.805,94.81,94.805,94.805,
2024-08-19 05:53:59,FFU24,94.805,94.81,94.805,94.805,
2024-08-19 05:54:13,FFU24,94.805,94.81,94.805,94.805,
2024-08-19 05:54:27,FFU24,94.805,94.81,94.805,94.805,
2024-08-19 05:54:41,FFU24,94.805,94.81,94.805,94.805,
2024-08-19 05:54:55,FFU24,94.805,94.81,94.805,94.805,
2024-08-19 05:55:10,FFU24,94.805,94.81,94.805,94.805,
2024-08-19 05:55:24,FFU24,94.805,94.81,94.805,94.805,
2024-08-19 05:55:38,FFU24,94.805,94.81,94.805,94.805,
2024-08-19 05:55:52,FFU24,94.805,94.81,94.805,94.805,
2024-08-19 05:56:06,FFU24,94.805,94.81,94.805,94.805,
2024-08-19 05:56:20,FFU24,94.805,94.81,94.805,94.805,
2024-08-19 05:56:34,FFU24,94.805,94.81,94.805,94.805,
2024-08-19 05:56:49,FFU24,94.805,94.81,94.805,94.805,
2024-08-19 05:57:03,FFU24,94.805,94.81,94.805,94.805,
2024-08-19 05:57:17,FFU24,94.805,94.81,94.805,94.805,
2024-08-19 05:57:31,FFU24,94.805,94.81,94.805,94.805,
2024-08-19 05:57:45,FFU24,94.805,94.81,94.805,94.805,
2024-08-19 05:57:59,FFU24,94.805,94.81,94.805,94.805,
2024-08-19 05:58:13,FFU24,94.805,94.81,94.805,94.805,
2024-08-19 05:58:28,FFU24,94.805,94.81,94.805,94.805,
2024-08-19 05:58:42,FFU24,94.805,94.81,94.805,94.805,
2024-08-19 05:58:56,FFU24,94.805,94.81,94.805,94.805,
2024-08-19 05:59:10,FFU24,94.805,94.81,94.805,94.805,
2024-08-19 05:59:24,FFU24,94.805,94.81,94.805,94.805,
2024-08-19 05:59:38,FFU24,94.805,94.81,94.805,94.805,
2024-08-19 05:59:53,FFU24,94.805,94.81,94.805,94.805,
2024-08-19 06:07:55,FFU24,94.805,94.81,94.805,94.805,
2024-08-19 06:08:09,FFU24,94.805,94.81,94.805,94.805,
2024-08-19 06:08:23,FFU24,94.805,94.81,94.805,94.805,
2024-08-19 06:08:38,FFU24,94.805,94.81,94.805,94.805,
2024-08-19 06:08:52,FFU24,94.805,94.81,94.805,94.805,
2024-08-19 06:09:06,FFU24,94.805,94.81,94.805,94.805,
2024-08-19 06:09:21,FFU24,94.805,94.81,94.805,94.805,
2024-08-19 06:09:35,FFU24,94.805,94.81,94.805,94.805,
2024-08-19 06:09:49,FFU24,94.805,94.81,94.805,94.805,
2024-08-19 06:10:03,FFU24,94.805,94.81,94.805,94.805,
2024-08-19 06:10:18,FFU24,94.805,94.81,94.805,94.805,
2024-08-19 06:10:32,FFU24,94.805,94.81,94.805,94.805,
2024-08-19 06:10:46,FFU24,94.805,94.81,94.805,94.805,
2024-08-19 06:11:01,FFU24,94.805,94.81,94.805,94.805,
2024-08-19 06:11:15,FFU24,94.805,94.81,94.805,94.805,
2024-08-19 06:11:29,FFU24,94.805,94.81,94.805,94.805,
2024-08-19 06:11:43,FFU24,94.805,94.81,94.805,94.805,
2024-08-19 06:11:58,FFU24,94.805,94.81,94.805,94.805,
2024-08-19 06:12:12,FFU24,94.805,94.81,94.805,94.805,
2024-08-19 06:12:26,FFU24,94.805,94.81,94.805,94.805,
2024-08-19 06:12:40,FFU24,94.805,94.81,94.805,94.805,
2024-08-19 06:12:54,FFU24,94.805,94.81,94.805,94.805,
2024-08-19 06:13:08,FFU24,94.805,94.81,94.805,94.805,
2024-08-19 06:13:23,FFU24,94.805,94.81,94.805,94.805,
2024-08-19 06:13:37,FFU24,94.805,94.81,94.805,94.805,
2024-08-19 06:13:51,FFU24,94.805,94.81,94.805,94.805,
2024-08-19 06:14:06,FFU24,94.805,94.81,94.805,94.805,
2024-08-19 06:14:20,FFU24,94.805,94.81,94.805,94.805,
2024-08-19 06:14:34,FFU24,94.805,94.81,94.805,94.805,
2024-08-19 06:14:48,FFU24,94.805,94.81,94.805,94.805,
2024-08-19 06:15:02,FFU24,94.805,94.81,94.805,94.805,
2024-08-19 06:15:16,FFU24,94.805,94.81,94.805,94.805,
2024-08-19 06:15:31,FFU24,94.805,94.81,94.805,94.805,
2024-08-19 06:15:45,FFU24,94.805,94.81,94.805,94.805,
2024-08-19 06:16:00,FFU24,94.805,94.81,94.805,94.805,
2024-08-19 06:16:14,FFU24,94.805,94.81,94.805,94.805,
2024-08-19 06:17:02,FFU24,94.805,94.81,94.805,94.805,
2024-08-19 06:17:16,FFU24,94.805,94.81,94.805,94.805,
2024-08-19 06:17:30,FFU24,94.805,94.81,94.805,94.805,
2024-08-19 06:17:45,FFU24,94.805,94.81,94.805,94.805,
2024-08-19 06:17:59,FFU24,94.805,94.81,94.805,94.805,
2024-08-19 06:18:13,FFU24,94.805,94.81,94.805,94.805,
2024-08-19 06:18:28,FFU24,94.805,94.81,94.805,94.805,
2024-08-19 06:18:42,FFU24,94.805,94.81,94.805,94.805,
2024-08-19 06:18:56,FFU24,94.805,94.81,94.805,94.805,
2024-08-19 06:19:11,FFU24,94.805,94.81,94.805,94.805,
2024-08-19 06:19:25,FFU24,94.805,94.81,94.805,94.805,
2024-08-19 06:19:40,FFU24,94.805,94.81,94.805,94.805,
2024-08-19 06:19:54,FFU24,94.805,94.81,94.805,94.805,
2024-08-19 06:20:09,FFU24,94.805,94.81,94.805,94.805,
2024-08-19 06:20:23,FFU24,94.805,94.81,94.805,94.805,
2024-08-19 06:20:38,FFU24,94.805,94.81,94.805,94.805,
2024-08-19 06:20:52,FFU24,94.805,94.81,94.805,94.805,
2024-08-19 06:21:06,FFU24,94.805,94.81,94.805,94.805,
2024-08-19 06:21:21,FFU24,94.805,94.81,94.805,94.805,
2024-08-19 06:21:35,FFU24,94.805,94.81,94.805,94.805,
2024-08-19 06:21:49,FFU24,94.805,94.81,94.805,94.805,
2024-08-19 06:22:04,FFU24,94.805,94.81,94.805,94.805,
2024-08-19 06:22:18,FFU24,94.805,94.81,94.805,94.805,
2024-08-19 06:22:33,FFU24,94.805,94.81,94.805,94.805,
2024-08-19 06:22:47,FFU24,94.805,94.81,94.805,94.805,
2024-08-19 06:23:02,FFU24,94.805,94.81,94.805,94.805,
2024-08-19 06:23:16,FFU24,94.805,94.81,94.805,94.805,
2024-08-19 06:23:30,FFU24,94.805,94.81,94.805,94.805,
2024-08-19 06:23:45,FFU24,94.805,94.81,94.805,94.805,
2024-08-19 06:23:59,FFU24,94.805,94.81,94.805,94.805,
2024-08-19 06:24:13,FFU24,94.805,94.81,94.805,94.805,
2024-08-19 06:24:28,FFU24,94.805,94.81,94.805,94.805,
2024-08-19 06:24:42,FFU24,94.805,94.81,94.805,94.805,
2024-08-19 06:24:57,FFU24,94.805,94.81,94.805,94.805,
2024-08-19 06:25:11,FFU24,94.805,94.81,94.805,94.805,
2024-08-19 06:25:25,FFU24,94.805,94.81,94.805,94.805,
2024-08-19 06:25:40,FFU24,94.805,94.81,94.81,94.805,
2024-08-19 06:25:54,FFU24,94.81,94.815,94.81,94.805,
2024-08-19 06:26:09,FFU24,94.81,94.815,94.81,94.805,
