Instrument,BID,ASK,TRDPRC_1,OPEN_PRC,CLOSE_PRC
FFZ24,95.415,95.42,95.42,95.435,
2024-08-19 05:38:07,FFZ24,95.415,95.42,95.42,95.435,
2024-08-19 05:38:22,FFZ24,95.415,95.42,95.42,95.435,
2024-08-19 05:38:36,FFZ24,95.415,95.42,95.42,95.435,
2024-08-19 05:38:50,FFZ24,95.415,95.42,95.42,95.435,
2024-08-19 05:39:05,FFZ24,95.415,95.42,95.42,95.435,
2024-08-19 05:39:19,FFZ24,95.415,95.42,95.42,95.435,
2024-08-19 05:39:33,FFZ24,95.415,95.42,95.42,95.435,
2024-08-19 05:39:48,FFZ24,95.415,95.42,95.42,95.435,
2024-08-19 05:40:02,FFZ24,95.415,95.42,95.42,95.435,
2024-08-19 05:40:16,FFZ24,95.415,95.42,95.42,95.435,
2024-08-19 05:40:30,FFZ24,95.415,95.42,95.42,95.435,
2024-08-19 05:40:45,FFZ24,95.415,95.42,95.42,95.435,
2024-08-19 05:40:59,FFZ24,95.415,95.42,95.42,95.435,
2024-08-19 05:41:13,FFZ24,95.415,95.42,95.42,95.435,
2024-08-19 05:41:28,FFZ24,95.415,95.42,95.42,95.435,
2024-08-19 05:41:42,FFZ24,95.415,95.42,95.42,95.435,
2024-08-19 05:41:56,FFZ24,95.415,95.42,95.42,95.435,
2024-08-19 05:42:11,FFZ24,95.415,95.42,95.42,95.435,
2024-08-19 05:42:25,FFZ24,95.415,95.42,95.42,95.435,
2024-08-19 05:42:40,FFZ24,95.415,95.42,95.42,95.435,
2024-08-19 05:42:54,FFZ24,95.415,95.42,95.42,95.435,
2024-08-19 05:43:08,FFZ24,95.415,95.42,95.42,95.435,
2024-08-19 05:43:22,FFZ24,95.415,95.42,95.42,95.435,
2024-08-19 05:43:37,FFZ24,95.415,95.42,95.42,95.435,
2024-08-19 05:43:51,FFZ24,95.415,95.42,95.42,95.435,
2024-08-19 05:44:05,FFZ24,95.415,95.42,95.42,95.435,
2024-08-19 05:44:20,FFZ24,95.415,95.42,95.42,95.435,
2024-08-19 05:44:34,FFZ24,95.415,95.42,95.42,95.435,
2024-08-19 05:44:48,FFZ24,95.415,95.42,95.42,95.435,
2024-08-19 05:45:03,FFZ24,95.415,95.42,95.42,95.435,
2024-08-19 05:45:17,FFZ24,95.415,95.42,95.42,95.435,
2024-08-19 05:45:31,FFZ24,95.415,95.42,95.42,95.435,
2024-08-19 05:45:46,FFZ24,95.415,95.42,95.42,95.435,
2024-08-19 05:46:00,FFZ24,95.415,95.42,95.42,95.435,
2024-08-19 05:46:14,FFZ24,95.415,95.42,95.42,95.435,
2024-08-19 05:46:29,FFZ24,95.415,95.42,95.42,95.435,
2024-08-19 05:46:43,FFZ24,95.415,95.42,95.42,95.435,
2024-08-19 05:46:57,FFZ24,95.415,95.42,95.42,95.435,
2024-08-19 05:47:12,FFZ24,95.415,95.42,95.42,95.435,
2024-08-19 05:47:26,FFZ24,95.415,95.42,95.42,95.435,
2024-08-19 05:47:40,FFZ24,95.415,95.42,95.42,95.435,
2024-08-19 05:47:55,FFZ24,95.415,95.42,95.42,95.435,
2024-08-19 05:48:09,FFZ24,95.415,95.42,95.42,95.435,
2024-08-19 05:48:24,FFZ24,95.415,95.42,95.42,95.435,
2024-08-19 05:48:38,FFZ24,95.415,95.42,95.42,95.435,
2024-08-19 05:48:52,FFZ24,95.415,95.42,95.42,95.435,
2024-08-19 05:53:02,FFZ24,95.415,95.42,95.42,95.435,
2024-08-19 05:53:16,FFZ24,95.415,95.42,95.42,95.435,
2024-08-19 05:53:30,FFZ24,95.415,95.42,95.42,95.435,
2024-08-19 05:53:45,FFZ24,95.415,95.42,95.42,95.435,
2024-08-19 05:53:59,FFZ24,95.415,95.42,95.42,95.435,
2024-08-19 05:54:13,FFZ24,95.415,95.42,95.42,95.435,
2024-08-19 05:54:27,FFZ24,95.415,95.42,95.42,95.435,
2024-08-19 05:54:41,FFZ24,95.415,95.42,95.42,95.435,
2024-08-19 05:54:55,FFZ24,95.415,95.42,95.42,95.435,
2024-08-19 05:55:10,FFZ24,95.415,95.42,95.42,95.435,
2024-08-19 05:55:24,FFZ24,95.415,95.42,95.42,95.435,
2024-08-19 05:55:38,FFZ24,95.415,95.42,95.42,95.435,
2024-08-19 05:55:52,FFZ24,95.415,95.42,95.42,95.435,
2024-08-19 05:56:06,FFZ24,95.415,95.42,95.42,95.435,
2024-08-19 05:56:20,FFZ24,95.415,95.42,95.42,95.435,
2024-08-19 05:56:34,FFZ24,95.415,95.42,95.42,95.435,
2024-08-19 05:56:49,FFZ24,95.415,95.42,95.42,95.435,
2024-08-19 05:57:03,FFZ24,95.415,95.42,95.42,95.435,
2024-08-19 05:57:17,FFZ24,95.415,95.42,95.42,95.435,
2024-08-19 05:57:31,FFZ24,95.415,95.42,95.42,95.435,
2024-08-19 05:57:45,FFZ24,95.415,95.42,95.42,95.435,
2024-08-19 05:57:59,FFZ24,95.415,95.42,95.42,95.435,
2024-08-19 05:58:13,FFZ24,95.415,95.42,95.42,95.435,
2024-08-19 05:58:28,FFZ24,95.415,95.42,95.42,95.435,
2024-08-19 05:58:42,FFZ24,95.415,95.42,95.42,95.435,
2024-08-19 05:58:56,FFZ24,95.415,95.42,95.42,95.435,
2024-08-19 05:59:10,FFZ24,95.415,95.42,95.42,95.435,
2024-08-19 05:59:24,FFZ24,95.415,95.42,95.42,95.435,
2024-08-19 05:59:38,FFZ24,95.415,95.42,95.42,95.435,
2024-08-19 05:59:53,FFZ24,95.415,95.42,95.42,95.435,
2024-08-19 06:07:55,FFZ24,95.42,95.425,95.42,95.435,
2024-08-19 06:08:09,FFZ24,95.42,95.425,95.42,95.435,
2024-08-19 06:08:23,FFZ24,95.42,95.425,95.42,95.435,
2024-08-19 06:08:38,FFZ24,95.42,95.425,95.42,95.435,
2024-08-19 06:08:52,FFZ24,95.42,95.425,95.42,95.435,
2024-08-19 06:09:06,FFZ24,95.42,95.425,95.42,95.435,
2024-08-19 06:09:21,FFZ24,95.42,95.425,95.42,95.435,
2024-08-19 06:09:35,FFZ24,95.42,95.425,95.42,95.435,
2024-08-19 06:09:49,FFZ24,95.42,95.425,95.42,95.435,
2024-08-19 06:10:03,FFZ24,95.42,95.425,95.42,95.435,
2024-08-19 06:10:18,FFZ24,95.42,95.425,95.42,95.435,
2024-08-19 06:10:32,FFZ24,95.42,95.425,95.42,95.435,
2024-08-19 06:10:46,FFZ24,95.42,95.425,95.42,95.435,
2024-08-19 06:11:01,FFZ24,95.42,95.425,95.42,95.435,
2024-08-19 06:11:15,FFZ24,95.42,95.425,95.42,95.435,
2024-08-19 06:11:29,FFZ24,95.42,95.425,95.42,95.435,
2024-08-19 06:11:43,FFZ24,95.42,95.425,95.42,95.435,
2024-08-19 06:11:58,FFZ24,95.42,95.425,95.42,95.435,
2024-08-19 06:12:12,FFZ24,95.42,95.425,95.42,95.435,
2024-08-19 06:12:26,FFZ24,95.42,95.425,95.42,95.435,
2024-08-19 06:12:40,FFZ24,95.42,95.425,95.42,95.435,
2024-08-19 06:12:54,FFZ24,95.42,95.425,95.42,95.435,
2024-08-19 06:13:08,FFZ24,95.42,95.425,95.42,95.435,
2024-08-19 06:13:23,FFZ24,95.42,95.425,95.42,95.435,
2024-08-19 06:13:37,FFZ24,95.42,95.425,95.42,95.435,
2024-08-19 06:13:51,FFZ24,95.42,95.425,95.42,95.435,
2024-08-19 06:14:06,FFZ24,95.42,95.425,95.42,95.435,
2024-08-19 06:14:20,FFZ24,95.42,95.425,95.42,95.435,
2024-08-19 06:14:34,FFZ24,95.42,95.425,95.42,95.435,
2024-08-19 06:14:48,FFZ24,95.42,95.425,95.42,95.435,
2024-08-19 06:15:02,FFZ24,95.42,95.425,95.42,95.435,
2024-08-19 06:15:16,FFZ24,95.42,95.425,95.42,95.435,
2024-08-19 06:15:31,FFZ24,95.42,95.425,95.42,95.435,
2024-08-19 06:15:45,FFZ24,95.42,95.425,95.42,95.435,
2024-08-19 06:16:00,FFZ24,95.42,95.425,95.42,95.435,
2024-08-19 06:16:14,FFZ24,95.42,95.425,95.42,95.435,
2024-08-19 06:17:02,FFZ24,95.42,95.425,95.42,95.435,
2024-08-19 06:17:16,FFZ24,95.42,95.425,95.42,95.435,
2024-08-19 06:17:30,FFZ24,95.42,95.425,95.42,95.435,
2024-08-19 06:17:45,FFZ24,95.42,95.425,95.42,95.435,
2024-08-19 06:17:59,FFZ24,95.42,95.425,95.42,95.435,
2024-08-19 06:18:13,FFZ24,95.42,95.425,95.42,95.435,
2024-08-19 06:18:28,FFZ24,95.42,95.425,95.42,95.435,
2024-08-19 06:18:42,FFZ24,95.42,95.425,95.42,95.435,
2024-08-19 06:18:56,FFZ24,95.42,95.425,95.42,95.435,
2024-08-19 06:19:11,FFZ24,95.42,95.425,95.42,95.435,
2024-08-19 06:19:25,FFZ24,95.42,95.425,95.42,95.435,
2024-08-19 06:19:40,FFZ24,95.42,95.425,95.42,95.435,
2024-08-19 06:19:54,FFZ24,95.425,95.43,95.425,95.435,
2024-08-19 06:20:09,FFZ24,95.425,95.43,95.425,95.435,
2024-08-19 06:20:23,FFZ24,95.425,95.43,95.425,95.435,
2024-08-19 06:20:38,FFZ24,95.425,95.43,95.425,95.435,
2024-08-19 06:20:52,FFZ24,95.425,95.43,95.425,95.435,
2024-08-19 06:21:06,FFZ24,95.425,95.43,95.425,95.435,
2024-08-19 06:21:21,FFZ24,95.425,95.43,95.425,95.435,
2024-08-19 06:21:35,FFZ24,95.425,95.43,95.425,95.435,
2024-08-19 06:21:49,FFZ24,95.425,95.43,95.425,95.435,
2024-08-19 06:22:04,FFZ24,95.42,95.43,95.425,95.435,
2024-08-19 06:22:18,FFZ24,95.425,95.43,95.425,95.435,
2024-08-19 06:22:33,FFZ24,95.425,95.43,95.425,95.435,
2024-08-19 06:22:47,FFZ24,95.425,95.43,95.425,95.435,
2024-08-19 06:23:02,FFZ24,95.425,95.43,95.425,95.435,
2024-08-19 06:23:16,FFZ24,95.425,95.43,95.425,95.435,
2024-08-19 06:23:30,FFZ24,95.425,95.43,95.425,95.435,
2024-08-19 06:23:45,FFZ24,95.425,95.43,95.425,95.435,
2024-08-19 06:23:59,FFZ24,95.425,95.43,95.425,95.435,
2024-08-19 06:24:13,FFZ24,95.425,95.43,95.425,95.435,
2024-08-19 06:24:28,FFZ24,95.425,95.43,95.425,95.435,
2024-08-19 06:24:42,FFZ24,95.425,95.43,95.425,95.435,
2024-08-19 06:24:57,FFZ24,95.425,95.43,95.425,95.435,
2024-08-19 06:25:11,FFZ24,95.425,95.43,95.425,95.435,
2024-08-19 06:25:25,FFZ24,95.425,95.43,95.425,95.435,
2024-08-19 06:25:40,FFZ24,95.425,95.43,95.425,95.435,
2024-08-19 06:25:54,FFZ24,95.43,95.435,95.425,95.435,
2024-08-19 06:26:09,FFZ24,95.43,95.435,95.425,95.435,
